@book{Cockburn:2000:WEU:517669,
 author = {Cockburn, Alistair},
 title = {Writing Effective Use Cases},
 year = {2000},
 isbn = {0201702258},
 edition = {1st},
 publisher = {Addison-Wesley Longman Publishing Co., Inc.},
 address = {Boston, MA, USA},
}

@article{specification2007omg,
  title={OMG unified modeling language (OMG UML), Superstructure, V2. 1.2},
  author={Specification, OMG Available},
  journal={Object Management Group},
  year={2007}
}

@techreport{christel1992issues,
  title={Issues in requirements elicitation},
  author={Christel, Michael G and Kang, Kyo C},
  year={1992},
  institution={DTIC Document}
}

@inproceedings{hirschfeld2011explicit,
  title={Explicit use-case representation in object-oriented programming languages},
  author={Hirschfeld, Robert and Perscheid, Michael and Haupt, Michael},
  booktitle={ACM SIGPLAN Notices},
  volume={47},
  number={2},
  pages={51--60},
  year={2011},
  organization={ACM}
}

@inproceedings{gotel1994analysis,
  title={An analysis of the requirements traceability problem},
  author={Gotel, Orlena CZ and Finkelstein, Anthony CW},
  booktitle={Requirements Engineering, 1994., Proceedings of the First International Conference on},
  pages={94--101},
  year={1994},
  organization={IEEE}
}

@book{adams1980hitchhiker,
    title={The hitchhiker's guide to the galaxy},
    author={Adams, Douglas},
    isbn={9780517542095},
    lccn={80014572},
    series={Hitchhiker's Guide to the Galaxy Series},
    year={1980},
    publisher={Harmony Books},
}
@misc{rfc2549,
    author="D. Waitzman",
    title="{IP over Avian Carriers with Quality of Service}",
    series="Request for Comments",
    number="2549",
    howpublished="RFC 2549 (Informational)",
    publisher="IETF",
    organization="Internet Engineering Task Force",
    year=1999,
    month=apr,
    day="1",  
    url="http://www.ietf.org/rfc/rfc2549.txt",
    urldate="2014-09-31",
}

