@book{Cockburn:2000:WEU:517669,
 author = {Cockburn, Alistair},
 title = {Writing Effective Use Cases},
 year = {2000},
 isbn = {0201702258},
 edition = {1st},
 publisher = {Addison-Wesley Longman Publishing Co., Inc.},
 address = {Boston, MA, USA},
}

@article{specification2007omg,
  title={OMG unified modeling language (OMG UML), Superstructure, V2. 1.2},
  author={Specification, OMG Available},
  journal={Object Management Group},
  year={2007}
}

@techreport{christel1992issues,
  title={Issues in requirements elicitation},
  author={Christel, Michael G and Kang, Kyo C},
  year={1992},
  institution={DTIC Document}
}

@inproceedings{hirschfeld2011explicit,
  title={Explicit use-case representation in object-oriented programming languages},
  author={Hirschfeld, Robert and Perscheid, Michael and Haupt, Michael},
  booktitle={ACM SIGPLAN Notices},
  volume={47},
  number={2},
  pages={51--60},
  year={2011},
  organization={ACM}
}
